
@misc{CerRes10,
    author = {Research, Certicom},
    booktitle = {Standards for Efficient Cryptography},
    title = {SEC 2: Recommended Elliptic Curve Domain Parameters},
    url = {\url{http://www.secg.org/sec2-v2.pdf}},
    year = {2010}
}

@misc{van2013cryptonote,
  title={CryptoNote v 2.0},
  author={Van Saberhagen, Nicolas},
  year={2013}
}

@misc{MoneroStackexchangeSwap,
  author = "PyRulez",
  title = "Can you trustlessly trade Monero for Bitcoin?",
  url = {\url{https://monero.stackexchange.com/questions/894/can-you-trustlessly-trade-monero-for-bitcoin/895#895}},
  year = 2016
}

@misc{oneTimeVES,
  author = {Lloyd Fournier},
  title = {One-Time Verifiably Encrypted Signatures, A.K.A. Adaptor Signatures},
  year = {2019},
  url = {\url{https://github.com/LLFourn/one-time-VES/blob/master/main.pdf}},
}

@misc{MRL0010,
  author = {Sarang Noether},
  title = {Discrete logarithm equality across groups},
  year = {2018},
  url = {\url{https://web.getmonero.org/resources/research-lab/pubs/MRL-0010.pdf}},
}

@misc{poelstra-adaptor,
    title={Scriptless Scripts},
    author={Poelstra, Andrew},
    url={\url{https://download.wpsoftware.net/bitcoin/wizardry/mw-slides/2017-05-milan-meetup/slides.pdf}},
    year={2017}
}

@inproceedings{Schnorr:1989:EIS:646754.705037,
 author = {Schnorr, Claus-Peter},
 title = {Efficient Identification and Signatures for Smart Cards},
 booktitle = {Proceedings of the 9th Annual International Cryptology Conference on Advances in Cryptology},
 series = {CRYPTO '89},
 year = {1990},
 isbn = {3-540-97317-6},
 pages = {239--252},
 numpages = {14},
 url = {\url{http://dl.acm.org/citation.cfm?id=646754.705037}},
 acmid = {705037},
 publisher = {Springer-Verlag},
 address = {Berlin, Heidelberg},
}

@misc{scriptless-atomic-swap,
    title={Adaptor Signatures and Atomic Swaps from Scriptless Scripts},
    author={Poelstra, Andrew},
    url={\url{https://github.com/ElementsProject/scriptless-scripts/blob/master/md/atomic-swap.md}},
    year={2017},
}

@misc{dryja2017discreet,
  title={Discreet Log Contracts},
  author={Dryja, Thaddeus},
  url={\url{https://adiabat.github.io/dlc.pdf}},
  year={2017}
}

@misc{atomic-swap,
    author = {Tier Nolan},
    title = {Alt chains and atomic transfers},
    url= {\url{https://bitcointalk.org/index.php?topic=193281.msg2224949#msg2224949}},
}
